=LDR  008003001000049020001800
=059  StDuBDS
=077  \\     2008                             
=092  PreUplift
=106  \\$a9780230515482
=121  \\$a0230515487
=135  \7$aKJ$2thema
=150  \7$aKCL$2thema
=164  \7$a1D$2thema
=299  \7$aJNM$2thema
=345  \\$a650.07114
=393  04$aThe future of business schools :$bscenarios and strategies for 2020 /$cwritten and edited by Thomas Durand and Stéphanie Dameron.
=444  \\$aBasingstoke :$bPalgrave Macmillan,$c2008.
=485  \\$axvi, 365 p. :$bill., maps ;$c23 cm. +$ehbk.
=550  \\$aIncludes bibliographical references and index.
=583  \0$aBusiness schools$zEurope$vEvaluation
=618  \0$aMaster of business administration degree$zEurope$vEvaluation
=636  \7$aBusiness & Management$2thema
=694  \7$aInternational economics$2thema
=714  \7$aEurope$2thema
=738  \7$aHigher & further education, tertiary education$2thema
=813  1\$aDurand, Thomas.
=819  1\$aDameron, Stephanie.

