=LDR  01120cam a2200337 a 4500
=003  StDuBDS
=008  \\\\\\\2009\\\\\\\\\\\\\\\\\\\\\\\\\\\\\
=003  PreUplift
=020  \\$a9780199236824
=072  \7$aKCB$2thema
=072  \7$aKCL$2thema
=072  \7$aKCS$2thema
=072  \7$a1D$2thema
=082  \\$a339
=100  1\$aBurda, Michael C.$945811
=245  10$aMacroeconomics :$ba European text /$cMichael Burda and Charles Wyplosz.
=250  \\$a5th ed.
=260  \\$aOxford ;$aNew York :$bOxford University Press,$c2009.
=300  \\$axxii, 543 p. :$bcol. ill. ;$c25 cm.
=504  \\$aIncludes bibliographical references (p. [517]-518) and index.
=650  \0$aMacroeconomics.$98000
=650  \7$aMacroeconomics$2thema
=650  \7$aInternational economics$2thema
=650  \7$aEconomic systems & structures$2thema
=650  \7$aEurope$2thema
=651  \0$aEurope$xEconomic conditions.$94854
=700  1\$aWyplosz, Charles.$935218
=856  41$uhttp://library.wit.ie/webresources/maps2016/bays_entrance/bay12.html$y
=942  \\$n0
=998  \\$awit$b06-10-15$cm$da$e-$feng$genk$h0$i0
=999  \\$c286347$d286347

