=LDR  01160cam a2200313 i 4500
=003  StDuBDS
=008  \\\\\\\2012\\\\\\\\\\\\\\\\\\\\\\\\\\\\\
=003  PreUplift
=020  \\$a9781119995722 (hbk.)
=020  \\$a9781119995715 (pbk.)
=072  \7$aKCB$2thema
=072  \7$aKC$2thema
=082  \\$a339
=100  1\$aMiles, David$q(David D.)
=245  10$aMacroeconomics :$bunderstanding the global economy /$cDavid Miles, Andrew Scott and Francis Breedon.
=250  \\$aThird Edition.
=260  \\$aChicester, West Sussex :$bJohn Wiley and Sons, Inc.,$c2012.
=300  \\$axix, 597 pages :$billustrations ;$c26 cm
=500  \\$aRevised edition of: Macroeconomics and the global business environment / David Miles, Andrew Scott. 2nd ed.
=504  \\$aIncludes bibliographical references and index.
=650  \0$aMacroeconomics.$98000
=650  \7$aMacroeconomics$2thema
=650  \7$aEconomics$2thema
=700  1\$aScott, Andrew,$d1965-
=700  1\$aBreedon, F. J.$q(Francis J.)
=856  41$uhttp://library.wit.ie/webresources/maps2016/bays_entrance/bay12.html$y
=942  \\$n0
=998  \\$awit$b06-10-15$cm$da$e-$feng$genk$h0$i0
=999  \\$c286348$d286348

