=LDR  01552nam a2200397 a 4500
=001  BDZ0008834238
=003  StDuBDS
=005  20181119180007.0
=003  PreUplift
=008  091221s2009\\\\enka\\\f\\\\\\001|0|eng|d
=020  \\$a9780077124731 (pbk.) :$c£43.99
=020  \\$a9780077124731
=040  \\$aStDuBDS$beng$cStDuBDS$dStDuBDSZ
=050  \4$aHD30.22
=072  \7$aIND$2ukslc
=072  \7$aKC$2thema
=082  04$a338.5024658$222
=100  1\$aBegg, David K. H.
=245  10$aEconomics for business /$cDavid Begg, Damian Ward.
=250  \\$a3rd ed.
=260  \\$aLondon :$bMcGraw-Hill Higher Education,$cc2009.
=300  \\$axxiv, 442 p. :$bcol. ill. ;$c27 cm. +$e1 Internet access card
=500  \\$aPrevious ed.: Maidenhead: McGraw-Hill Education, 2006.
=504  \\$aIncludes bibliographical references and index.
=520  8\$aOffering an integrative approach, this book uses references to real-world examples to demonstrate how modern economics can illuminate the problems that businesses face every day. Thus, the text emphasizes economic reasoning as the solution to business problems.
=650  \0$aManagerial economics.$98070
=650  \0$aManagerial economics.
=650  \0$aManagerial economics$vCase studies
=650  \7$aIndustry.$2ukslc
=650  \7$aEconomics$2thema
=700  1\$aWard, Damian.
=700  1\$aWard, Damian.,$ejoint author
=856  41$uhttp://library.wit.ie/webresources/maps2016/bays_entrance/bay9.html
=942  \\$n0
=998  \\$awit$b06-10-15$cm$da$e-$feng$gxxk$h0$i0
=999  \\$c286349$d286349

