=LDR  01719nam a22004458a 4500
=001  BDZ0006565271
=003  StDuBDS
=005  20181119180007.0
=003  PreUplift
=008  070820s2007\\\\nju\\\\f\\\\\\001\0\eng\d
=020  \\$a9780471723608 (hbk.) :$c£62.50
=020  \\$a9780471723608 (alk. paper)
=040  \\$aStDuBDS$cStDuBDS$dStDuBDSZ
=050  \0$aHB139$b.H548 2007
=072  \7$aECO$2ukslc
=072  \7$aKC$2thema
=072  \7$aKCH$2thema
=082  04$a330.015195$222
=100  1\$aHill, R. Carter.
=245  10$aUndergraduate econometrics /$cR. Carter Hill, William E. Griffiths.
=250  \\$a3rd ed.
=260  \\$aHoboken, N.J. :$bWiley ;$aChichester :$bJohn Wiley [distributor],$c2007.
=300  \\$a576 p.
=500  \\$aPrevious ed.: 2001.
=500  \\$aIncludes index.
=500  \\$aRev. ed. of: Undergraduate econometrics / R. Carter Hill, William E. Griffiths, George G. Judge. 2nd. ed.
=500  \\$aA multi-media instructional package, including Web sites, is available to supplement the text.
=520  8\$aThis text emphasises motivation, understanding, and implementation. By using an intuitive approach, readers are shown how economic data is used with economic and statistical models as a basis.
=650  \0$aEconometrics.$94136
=650  \0$aEconometrics.
=650  \7$aEconomics.$2ukslc
=650  \7$aEconomics$2thema
=650  \7$aEconometrics & economic statistics$2thema
=700  1\$aGriffiths, William E.
=700  1\$aGriffiths, William E.$965612
=700  1\$aLim, G. C.$q(Guay C.)
=856  41$uhttp://library.wit.ie/webresources/maps2016/bays_entrance/bay10.html
=942  \\$n0
=998  \\$awit$b06-10-15$cm$da$e-$feng$gnju$h0$i0
=999  \\$c286350$d286350

