=LDR  01533nam a22004218a 4500
=001  BDZ0008645122
=003  StDuBDS
=005  20181119180007.0
=003  PreUplift
=008  090508s2009\\\\nyua\\\f\\\\\\001|0|eng|d
=020  \\$a9781429238120 (hbk.) :$c£46.99
=020  \\$a9781429238120
=040  \\$aStDuBDS$beng$cStDuBDS$dStDuBDSZ
=050  \0$aHB172.5$b.M357 2009
=072  \7$aECO$2ukslc
=072  \7$aKC$2thema
=072  \7$aK$2thema
=072  \7$aKCB$2thema
=082  04$a339$222
=100  1\$aMankiw, N. Gregory.
=245  10$aMacroeconomics /$cN. Gregory Mankiw.
=250  \\$a7th ed.
=260  \\$aNew York :$bWorth ;$aBasingstoke :$bPalgrave [distributor],$c2009.
=300  \\$a608 p. :$bcol. ill. ;$c28 cm.
=500  \\$aPrevious ed.: 2006.
=504  \\$aIncludes bibliographical references and index.
=520  8\$aMacroeconomics is the study of the fluctuations in the cycles of income and economic growth, unemployment, production and income distribution, inflation, and financial markets. Simply put, it is the study of aggregate supply and demand.
=650  \0$aMacroeconomics.$98000
=650  \0$aMacroeconomics.
=650  \7$aEconomics.$2ukslc
=650  \7$aEconomics$2thema
=650  \7$aEconomics, finance, business & management$2thema
=650  \7$aMacroeconomics$2thema
=700  1\$aScarth, William M.,$d1946-
=856  41$uhttp://library.wit.ie/webresources/maps2016/bays_entrance/bay12.html
=942  \\$n0
=998  \\$awit$b06-10-15$cm$da$e-$feng$gxxu$h0$i0
=999  \\$c286351$d286351

