=LDR  00971pam a2200301 a 4500
=003  StDuBDS
=008  \\\\\\\2005\\\\\\\\\\\\\\\\\\\\\\\\\\\\\
=003  PreUplift
=020  \\$a0716752298 (pbk.) :$cNo price
=020  \\$a0716762773 (pbk.) :$cNo price
=072  \7$aKCC$2thema
=082  \\$a338.5
=082  04$a338.5$222
=100  1\$aKrugman, Paul R.$936560
=245  10$aMicroeconomics /$cPaul Krugman, Robin Wells.
=260  \\$aNew York :$bWorth,$cc2005.
=300  \\$axxxii, 537, [51] p. :$bill. ;$c28 cm.
=500  \\$aIncludes index.
=500  \\$aISBN on t.p. verso: 0716752298; ISBN on label: 0716762773.
=500  \\$aFormerly CIP. {dollar}5 Uk
=650  \0$aMicroeconomics.$98514
=650  \0$aMicroeconomics$vCase studies
=650  \7$aMicroeconomics$2thema
=700  1\$aWells, Robin.
=856  41$uhttp://library.wit.ie/webresources/maps2016/bays_entrance/bay12.html$y
=942  \\$n0
=998  \\$awit$b06-10-15$cm$da$e-$feng$gnyu$h0$i0
=999  \\$c286352$d286352

