=LDR  01221nam a2200361 a 4500
=003  StDuBDS
=008  \\\\\\\2000\\\\\\\\\\\\\\\\\\\\\\\\\\\\\
=003  PreUplift
=020  \\$a0948170115 (hbk)
=072  \7$aGBCR$2thema
=072  \7$aKNS$2thema
=072  \7$aKNTP1$2thema
=072  \7$aKNT$2thema
=072  \7$a3MP$2thema
=072  \7$a3MD$2thema
=072  \7$a1DDR$2thema
=082  \\$a381.450020941835
=100  \\$aPollard, M.
=245  \2$aA Dictionary of Members of the Dublin Book Trade 1550-1800:$bBased on the Records of the Guild of St Luke the Evangelist/$cM. Pollard
=260  \\$aLondon;$bBiographical Society,$c2000
=300  \\$axlviii,675p,$bmaps
=500  \\$aDonated to WIT Libraries by David Rhodes, 2015
=650  \\$aBooksellers$zDublin
=650  \7$aBibliographies, catalogues$2thema
=650  \7$aHospitality & service industries$2thema
=650  \7$aPublishing & book trade$2thema
=650  \7$aMedia, entertainment, information & communication industries$2thema
=650  \7$a20th century, c 1900 to c 1999$2thema
=650  \7$a16th century, c 1500 to c 1599$2thema
=650  \7$aIreland$2thema
=942  \\$n0
=998  \\$acsc$b06-10-15$c-$da$e$feng$g$h2$i0
=999  \\$c286353$d286353

