=LDR  01057nam a2200325 a 4500
=003  StDuBDS
=008  \\\\\\\2007\\\\\\\\\\\\\\\\\\\\\\\\\\\\\
=003  PreUplift
=020  \\$a9780471679455
=020  \\$a0471679453
=072  \7$aKC$2thema
=072  \7$aKJ$2thema
=082  \\$a658.4012 BES
=100  1\$aBesanko, David,$d1955-$962709
=245  10$aEconomics of strategy /$cDavid Besanko, David Dranove, Mark Shanley, Scott Schaefer.
=250  \\$a4th ed.
=260  \\$aHoboken, NJ :$bWiley,$cc2007.
=300  \\$axxiv, 632 p. :$bill. ;$c27 cm.
=504  \\$aIncludes bibliographical references and indexes.
=650  \0$aStrategic planning$xEconomic aspects
=650  \0$aManagerial economics.$98070
=650  \7$aEconomics$2thema
=650  \7$aBusiness & Management$2thema
=700  1\$aDranove, David.$953475
=700  1\$aShanley, Mark.
=700  1\$aSchaefer, Scott.
=856  41$uhttp://library.wit.ie/webresources/maps2016/bays_basement/bay18.html$y
=942  \\$n0
=998  \\$awit$b06-10-15$cm$da$e-$feng$gnju$h0$i0
=999  \\$c286354$d286354

