=LDR  01365nam a22003618a 4500
=001  BDZ0007686068
=003  StDuBDS
=005  20181119180007.0
=003  PreUplift
=008  070530s2007\\\\enk\\\\f\b\\\\001|0|eng\d
=020  \\$a9780421907904 (pbk.) :$c£37.95
=020  \\$a9780421907904 (pbk.) :$cĐ50
=040  \\$aStDuBDS$beng$cStDuBDS$dStDuBDSZ
=050  \4$aK230
=072  \7$aLAW$2ukslc
=072  \7$aLA$2thema
=082  04$a340.1$222
=100  1\$aFreeman, Michael D. A.
=245  10$aLloyd's introduction to jurisprudence.$cby M.D.A. Freeman.
=250  \\$a8th ed. /$bM.D.A. Freeman.
=260  \\$aLondon :$bSweet & Maxwell,$c2007.
=300  \\$axl, 1600 p. ;$c24 cm
=500  \\$aPrevious ed.: 2001.
=504  \\$aIncludes bibliographical references and index.
=520  8\$aThe eighth edition of the leading textbook on jurisprudence contains extracts from the works of more than a hundred jurists. These are supported by detailed introductory sections which give background and critical insight into the texts.
=650  \0$aJurisprudence.$97420
=650  \0$aJurisprudence.
=650  \7$aLaw.$2ukslc
=650  \7$aJurisprudence & general issues$2thema
=700  1\$aLloyd of Hampstead, Dennis Lloyd,$cBaron,$d1915-$tIntroduction to jurisprudence.
=942  \\$n0
=998  \\$acsc$b07-10-15$cm$da$e-$feng$genk$h0$i0
=999  \\$c286356$d286356

