=LDR  01692nam a2200469 a 4500
=001  BDZ0007711418
=003  StDuBDS
=005  20181119180007.0
=003  PreUplift
=008  070130s2007\\\\enka\\\f\\\\\\001\0\eng\d
=020  \\$a9780273709220 (pbk.) :$c£39.99
=020  \\$a9780273709220 (pbk.)
=040  \\$aStDuBDS$cStDuBDS$dStDuBDSZ
=050  \4$aHF5601
=072  \7$aFIN$2ukslc
=072  \7$aKF$2thema
=072  \7$aKFC$2thema
=072  \7$aKFCF$2thema
=072  \7$aKFCM$2thema
=082  04$a657$222
=100  1\$aDyson, J. R.$q(John R.)
=245  10$aAccounting for non-accounting students /$cJohn R. Dyson.
=250  \\$a7th ed.
=260  \\$aHarlow :$bFinancial Times Prentice Hall,$c2007.
=300  \\$axvii, 508 p. :$bill. ;$c27 cm.
=500  \\$aPrevious ed.: 2004.
=500  \\$aIncludes index.
=504  \\$aIncludes index.
=520  8\$aThis book is traditional in approach and covers both financial & management accounting. This edition has been streamlined: long & difficult chapters have been simplified, case studies have been added & further subdivisions make the book more flexible.
=650  \0$aAccounting$vProblems, exercises, etc$9544
=650  \0$aAccounting.$9537
=650  \0$aAccounting.
=650  \0$aAccounting$vProblems, exercises, etc
=650  \7$aFinance and Accounting.$2ukslc
=650  \7$aFinance & accounting$2thema
=650  \7$aAccounting$2thema
=650  \7$aFinancial accounting$2thema
=650  \7$aManagement accounting & bookkeeping$2thema
=856  41$uhttp://library.wit.ie/webresources/maps2016/bays_basement/bay14.html
=942  \\$n0
=998  \\$awit$b24-01-11$cm$da$e-$feng$genk$h0$i0
=999  \\$c286357$d286357

